@book{sivia_elementary_2011,
  location = {{Oxford, UK}},
  title = {Elementary {{Scattering Theory}}: {{For X}}-Ray and {{Neutron Users}}},
  isbn = {978-0-19-922868-3},
  publisher = {{Oxford University Press}},
  date = {2011},
  author = {Sivia, D. S.}
}

@article{abeles_sur_1948,
  volume = {12},
  doi = {10.1051/anphys/194812030504},
  number = {3},
  journal = {Ann. Phys.},
  year = {1948},
  pages = {504-520},
  author = {Abelès, F.}
}

@article{parratt_surface_1954,
  volume = {95},
  doi = {10.1103/PhysRev.95.359},
  number = {2},
  journal = {Phys. Rev.},
  year = {1954},
  pages = {359-369},
  author = {Parratt, L. G.}
}

@article{nevot_caracterisation_1980,
  volume = {15},
  doi = {10.1051/rphysap:01980001503076100},
  number = {3},
  journal = {Rev. Phys. Appl. (Paris)},
  year = {1980},
  pages = {761-779},
  author = {N\'{e}vot, L. and Croce, P.}
}

@article{lovell_analysis_1999,
  volume = {4},
  doi = {10.1016/S1359-0294(99)00039-4},
  number = {3},
  journal = {Curr. Opin. Colloid Interface Sci.},
  year = {1999},
  pages = {197-204},
  author = {Lovell, M. R. and Richardson, R. M.},
}

@article{born_quantenmechanik_1926,
  volume = {38},
  doi = {10.1007/BF01397184},
  journal = {Z. Physik},
  year = {1926},
  pages = {803–827},
  author = {Born, M.},
}

@article{majkrzak_exact_1998,
  volume = {58},
  doi = {10.1103/PhysRevB.58.15416},
  number = {23},
  journal = {Phys. Rev. B},
  year = {1998},
  pages = {15416},
  author = {Majkrzak, C. F. and Berk, N. F.},
}

@article{wormington_characterization_1999,
  volume = {357},
  doi = {10.1098/rsta.1999.0469},
  number = {1761},
  journal = {Philos. Trans. R. Soc. London Ser. A},
  year = {1999},
  pages = {2827-2848},
  author = {Wormington, M. and Panaccione, C. and Matney, K. M. and Bowen, D. K.},
}

@article{varderlee_comparison_2007,
  volume = {40},
  doi = {10.1107/S0021889807032207},
  number = {5},
  journal = {J. Appl. Crystallogr.},
  year = {2007},
  pages = {820-833},
  author = {van der Lee, A. and Salah, F. and Harzallah, B.},
}

@article{bjorck_fitting_2011,
  volume = {44},
  doi = {10.1107/S0021889811041446},
  number = {6},
  journal = {J. Appl. Crystallogr.},
  year = {2011},
  pages = {1198-1204},
  author = {Bj\"{o}rck, M.}
}

@book{holland_adaptation_1992,
  location = {{Boston, USA}},
  title = {Adaptation in {{Natural}} and {{Artificial Systems}}},
  edition = {2},
  isbn = {978-0-262-58111-0},
  publisher = {{MIT Press}},
  year = {1992},
  author = {Holland, J. H.}
}

@book{ackley_connectionist_1987,
  location = {{Michigan, US}},
  title = {A Connectionist Machine for Genetic Hillclimbing},
  publisher = {{University of Michigan}},
  type = {PhD},
  name = {1987},
  author = {Ackley, D. H.}
}

@article{nelson_refnx_2019,
  volume = {52},
  doi = {10.1107/S1600576718017296},
  number = {1},
  journal = {J. Appl. Crystallogr.},
  year = {2019},
  pages = {193-200},
  author = {Nelson, A. R. J. and Prescott, S. W.},
}

@book{sivia_data_2006,
  location = {{Oxford}},
  title = {Data {{Analysis}}: {{A Bayesian Tutorial}}},
  edition = {2},
  isbn = {978-0-19-856832-2},
  publisher = {{Oxford University Press}},
  year = {2006},
  author = {Sivia, D. S. and Skilling, J.}
}

@book{gilks_markov_1995,
  location = {{Boca Raton, US}},
  title = {Markov {{Chain Monte Carlo}} in {{Practice}}},
  isbn = {978-0-412-05551-5},
  series = {Chapman \& {{Hall}}/{{CRC Interdisciplinary Statistics}}},
  publisher = {{CRC Press}},
  year = {1995},
  author = {Gilks, W. and Richardson, S. and Spiegelhalter, D.}
}

@article{foremanmackey_emcee_2012,
  doi = {10.21105/joss.01864},
  year = {2019},
  volume = {4},
  number = {43},
  pages = {1864},
  author = {Foreman-Mackey, D. and Farr, W. and Sinha, M. and Archibald, A. and Hogg, D. and Sanders, J. and Zuntz, J. and Williams, P. and Nelson, A. and de Val-Borro, M. and Erhardt, T. and Pashchenko, I. and Pla, O.},
  journal = {J. Open Source Softw.}
}
